%YAML 1.1
%TAG !u! tag:unity3d.com,2011:
--- !u!1 &4911461809498588463
GameObject:
  m_ObjectHideFlags: 0
  m_CorrespondingSourceObject: {fileID: 0}
  m_PrefabInstance: {fileID: 0}
  m_PrefabAsset: {fileID: 0}
  serializedVersion: 6
  m_Component:
  - component: {fileID: 4911461809498588457}
  - component: {fileID: 4911461809498588456}
  m_Layer: 0
  m_Name: HandManager
  m_TagString: Untagged
  m_Icon: {fileID: 0}
  m_NavMeshLayer: 0
  m_StaticEditorFlags: 0
  m_IsActive: 1
--- !u!4 &4911461809498588457
Transform:
  m_ObjectHideFlags: 0
  m_CorrespondingSourceObject: {fileID: 0}
  m_PrefabInstance: {fileID: 0}
  m_PrefabAsset: {fileID: 0}
  m_GameObject: {fileID: 4911461809498588463}
  m_LocalRotation: {x: 0, y: 0, z: 0, w: 1}
  m_LocalPosition: {x: 0, y: 0, z: 0}
  m_LocalScale: {x: 1, y: 1, z: 1}
  m_Children:
  - {fileID: 4910948355914193514}
  - {fileID: 3613828487853181018}
  - {fileID: 8640895792656865555}
  m_Father: {fileID: 0}
  m_RootOrder: 0
  m_LocalEulerAnglesHint: {x: 0, y: 0, z: 0}
--- !u!114 &4911461809498588456
MonoBehaviour:
  m_ObjectHideFlags: 0
  m_CorrespondingSourceObject: {fileID: 0}
  m_PrefabInstance: {fileID: 0}
  m_PrefabAsset: {fileID: 0}
  m_GameObject: {fileID: 4911461809498588463}
  m_Enabled: 1
  m_EditorHideFlags: 0
  m_Script: {fileID: 11500000, guid: 1a7effc96a244424ba41e8399aaab767, type: 3}
  m_Name: 
  m_EditorClassIdentifier: 
  RightHand: {fileID: 4911461808888143302}
  LeftHand: {fileID: 4911461809228167715}
  handState: -1
  controller: {fileID: 5024897991372798506}
--- !u!1001 &4911461808046555912
PrefabInstance:
  m_ObjectHideFlags: 0
  serializedVersion: 2
  m_Modification:
    m_TransformParent: {fileID: 4911461809498588457}
    m_Modifications:
    - target: {fileID: 841981646, guid: d8b182badea380f45adc0680ee45886e, type: 3}
      propertyPath: controllerRight
      value: 
      objectReference: {fileID: 5024897991372798506}
    - target: {fileID: 8507266311006341970, guid: d8b182badea380f45adc0680ee45886e,
        type: 3}
      propertyPath: m_RootOrder
      value: 1
      objectReference: {fileID: 0}
    - target: {fileID: 8507266311006341970, guid: d8b182badea380f45adc0680ee45886e,
        type: 3}
      propertyPath: m_LocalPosition.x
      value: 0
      objectReference: {fileID: 0}
    - target: {fileID: 8507266311006341970, guid: d8b182badea380f45adc0680ee45886e,
        type: 3}
      propertyPath: m_LocalPosition.y
      value: 0
      objectReference: {fileID: 0}
    - target: {fileID: 8507266311006341970, guid: d8b182badea380f45adc0680ee45886e,
        type: 3}
      propertyPath: m_LocalPosition.z
      value: 0
      objectReference: {fileID: 0}
    - target: {fileID: 8507266311006341970, guid: d8b182badea380f45adc0680ee45886e,
        type: 3}
      propertyPath: m_LocalRotation.w
      value: 1
      objectReference: {fileID: 0}
    - target: {fileID: 8507266311006341970, guid: d8b182badea380f45adc0680ee45886e,
        type: 3}
      propertyPath: m_LocalRotation.x
      value: -0
      objectReference: {fileID: 0}
    - target: {fileID: 8507266311006341970, guid: d8b182badea380f45adc0680ee45886e,
        type: 3}
      propertyPath: m_LocalRotation.y
      value: -0
      objectReference: {fileID: 0}
    - target: {fileID: 8507266311006341970, guid: d8b182badea380f45adc0680ee45886e,
        type: 3}
      propertyPath: m_LocalRotation.z
      value: -0
      objectReference: {fileID: 0}
    - target: {fileID: 8507266311006341970, guid: d8b182badea380f45adc0680ee45886e,
        type: 3}
      propertyPath: m_LocalEulerAnglesHint.x
      value: 0
      objectReference: {fileID: 0}
    - target: {fileID: 8507266311006341970, guid: d8b182badea380f45adc0680ee45886e,
        type: 3}
      propertyPath: m_LocalEulerAnglesHint.y
      value: 0
      objectReference: {fileID: 0}
    - target: {fileID: 8507266311006341970, guid: d8b182badea380f45adc0680ee45886e,
        type: 3}
      propertyPath: m_LocalEulerAnglesHint.z
      value: 0
      objectReference: {fileID: 0}
    - target: {fileID: 8507266311006341971, guid: d8b182badea380f45adc0680ee45886e,
        type: 3}
      propertyPath: m_Name
      value: RhandPoint
      objectReference: {fileID: 0}
    m_RemovedComponents: []
  m_SourcePrefab: {fileID: 100100000, guid: d8b182badea380f45adc0680ee45886e, type: 3}
--- !u!4 &3613828487853181018 stripped
Transform:
  m_CorrespondingSourceObject: {fileID: 8507266311006341970, guid: d8b182badea380f45adc0680ee45886e,
    type: 3}
  m_PrefabInstance: {fileID: 4911461808046555912}
  m_PrefabAsset: {fileID: 0}
--- !u!114 &4911461808888143302 stripped
MonoBehaviour:
  m_CorrespondingSourceObject: {fileID: 841981646, guid: d8b182badea380f45adc0680ee45886e,
    type: 3}
  m_PrefabInstance: {fileID: 4911461808046555912}
  m_PrefabAsset: {fileID: 0}
  m_GameObject: {fileID: 0}
  m_Enabled: 1
  m_EditorHideFlags: 0
  m_Script: {fileID: 11500000, guid: ad299377611c9c44385699455bb6e697, type: 3}
  m_Name: 
  m_EditorClassIdentifier: 
--- !u!1001 &4911461809211537414
PrefabInstance:
  m_ObjectHideFlags: 0
  serializedVersion: 2
  m_Modification:
    m_TransformParent: {fileID: 4911461809498588457}
    m_Modifications:
    - target: {fileID: 1000013250145816, guid: ee85affdcd44e0c479d499f7f1536930, type: 3}
      propertyPath: m_Name
      value: SvrInput
      objectReference: {fileID: 0}
    - target: {fileID: 4000010307805804, guid: ee85affdcd44e0c479d499f7f1536930, type: 3}
      propertyPath: m_RootOrder
      value: 0
      objectReference: {fileID: 0}
    - target: {fileID: 4000010307805804, guid: ee85affdcd44e0c479d499f7f1536930, type: 3}
      propertyPath: m_LocalPosition.x
      value: 0
      objectReference: {fileID: 0}
    - target: {fileID: 4000010307805804, guid: ee85affdcd44e0c479d499f7f1536930, type: 3}
      propertyPath: m_LocalPosition.y
      value: 0
      objectReference: {fileID: 0}
    - target: {fileID: 4000010307805804, guid: ee85affdcd44e0c479d499f7f1536930, type: 3}
      propertyPath: m_LocalPosition.z
      value: 0
      objectReference: {fileID: 0}
    - target: {fileID: 4000010307805804, guid: ee85affdcd44e0c479d499f7f1536930, type: 3}
      propertyPath: m_LocalRotation.w
      value: 1
      objectReference: {fileID: 0}
    - target: {fileID: 4000010307805804, guid: ee85affdcd44e0c479d499f7f1536930, type: 3}
      propertyPath: m_LocalRotation.x
      value: -0
      objectReference: {fileID: 0}
    - target: {fileID: 4000010307805804, guid: ee85affdcd44e0c479d499f7f1536930, type: 3}
      propertyPath: m_LocalRotation.y
      value: -0
      objectReference: {fileID: 0}
    - target: {fileID: 4000010307805804, guid: ee85affdcd44e0c479d499f7f1536930, type: 3}
      propertyPath: m_LocalRotation.z
      value: -0
      objectReference: {fileID: 0}
    - target: {fileID: 4000010307805804, guid: ee85affdcd44e0c479d499f7f1536930, type: 3}
      propertyPath: m_LocalEulerAnglesHint.x
      value: 0
      objectReference: {fileID: 0}
    - target: {fileID: 4000010307805804, guid: ee85affdcd44e0c479d499f7f1536930, type: 3}
      propertyPath: m_LocalEulerAnglesHint.y
      value: 0
      objectReference: {fileID: 0}
    - target: {fileID: 4000010307805804, guid: ee85affdcd44e0c479d499f7f1536930, type: 3}
      propertyPath: m_LocalEulerAnglesHint.z
      value: 0
      objectReference: {fileID: 0}
    m_RemovedComponents: []
  m_SourcePrefab: {fileID: 100100000, guid: ee85affdcd44e0c479d499f7f1536930, type: 3}
--- !u!4 &4910948355914193514 stripped
Transform:
  m_CorrespondingSourceObject: {fileID: 4000010307805804, guid: ee85affdcd44e0c479d499f7f1536930,
    type: 3}
  m_PrefabInstance: {fileID: 4911461809211537414}
  m_PrefabAsset: {fileID: 0}
--- !u!114 &5024897991372798506 stripped
MonoBehaviour:
  m_CorrespondingSourceObject: {fileID: 114000011027153452, guid: ee85affdcd44e0c479d499f7f1536930,
    type: 3}
  m_PrefabInstance: {fileID: 4911461809211537414}
  m_PrefabAsset: {fileID: 0}
  m_GameObject: {fileID: 0}
  m_Enabled: 1
  m_EditorHideFlags: 0
  m_Script: {fileID: 11500000, guid: ac59704b88d926545accb051b58f7048, type: 3}
  m_Name: 
  m_EditorClassIdentifier: 
--- !u!1001 &4911461809891523625
PrefabInstance:
  m_ObjectHideFlags: 0
  serializedVersion: 2
  m_Modification:
    m_TransformParent: {fileID: 4911461809498588457}
    m_Modifications:
    - target: {fileID: 680134154, guid: 7d570a41c657da7429f4ffbaed441fb5, type: 3}
      propertyPath: controllerRight
      value: 
      objectReference: {fileID: 5024897991372798506}
    - target: {fileID: 3730005850525802497, guid: 7d570a41c657da7429f4ffbaed441fb5,
        type: 3}
      propertyPath: m_IsActive
      value: 0
      objectReference: {fileID: 0}
    - target: {fileID: 3730005850659281486, guid: 7d570a41c657da7429f4ffbaed441fb5,
        type: 3}
      propertyPath: m_IsActive
      value: 0
      objectReference: {fileID: 0}
    - target: {fileID: 3730005850684055595, guid: 7d570a41c657da7429f4ffbaed441fb5,
        type: 3}
      propertyPath: m_IsActive
      value: 0
      objectReference: {fileID: 0}
    - target: {fileID: 3730005850748278782, guid: 7d570a41c657da7429f4ffbaed441fb5,
        type: 3}
      propertyPath: m_IsActive
      value: 0
      objectReference: {fileID: 0}
    - target: {fileID: 3730005850875352393, guid: 7d570a41c657da7429f4ffbaed441fb5,
        type: 3}
      propertyPath: m_IsActive
      value: 0
      objectReference: {fileID: 0}
    - target: {fileID: 3730005850930958747, guid: 7d570a41c657da7429f4ffbaed441fb5,
        type: 3}
      propertyPath: m_IsActive
      value: 0
      objectReference: {fileID: 0}
    - target: {fileID: 3730005850998930712, guid: 7d570a41c657da7429f4ffbaed441fb5,
        type: 3}
      propertyPath: m_IsActive
      value: 0
      objectReference: {fileID: 0}
    - target: {fileID: 3730005851070680725, guid: 7d570a41c657da7429f4ffbaed441fb5,
        type: 3}
      propertyPath: m_IsActive
      value: 0
      objectReference: {fileID: 0}
    - target: {fileID: 3730005851339001380, guid: 7d570a41c657da7429f4ffbaed441fb5,
        type: 3}
      propertyPath: m_IsActive
      value: 0
      objectReference: {fileID: 0}
    - target: {fileID: 3730005851365360334, guid: 7d570a41c657da7429f4ffbaed441fb5,
        type: 3}
      propertyPath: m_IsActive
      value: 0
      objectReference: {fileID: 0}
    - target: {fileID: 3730005851476095707, guid: 7d570a41c657da7429f4ffbaed441fb5,
        type: 3}
      propertyPath: m_IsActive
      value: 0
      objectReference: {fileID: 0}
    - target: {fileID: 3730005851487754136, guid: 7d570a41c657da7429f4ffbaed441fb5,
        type: 3}
      propertyPath: m_IsActive
      value: 0
      objectReference: {fileID: 0}
    - target: {fileID: 3730005851517942745, guid: 7d570a41c657da7429f4ffbaed441fb5,
        type: 3}
      propertyPath: m_IsActive
      value: 0
      objectReference: {fileID: 0}
    - target: {fileID: 3730005851558687054, guid: 7d570a41c657da7429f4ffbaed441fb5,
        type: 3}
      propertyPath: m_IsActive
      value: 0
      objectReference: {fileID: 0}
    - target: {fileID: 3730005851747615342, guid: 7d570a41c657da7429f4ffbaed441fb5,
        type: 3}
      propertyPath: m_IsActive
      value: 0
      objectReference: {fileID: 0}
    - target: {fileID: 3730005851873594484, guid: 7d570a41c657da7429f4ffbaed441fb5,
        type: 3}
      propertyPath: m_IsActive
      value: 0
      objectReference: {fileID: 0}
    - target: {fileID: 3730005852023809285, guid: 7d570a41c657da7429f4ffbaed441fb5,
        type: 3}
      propertyPath: m_Name
      value: LhandPoint
      objectReference: {fileID: 0}
    - target: {fileID: 3730005852023809338, guid: 7d570a41c657da7429f4ffbaed441fb5,
        type: 3}
      propertyPath: m_RootOrder
      value: 2
      objectReference: {fileID: 0}
    - target: {fileID: 3730005852023809338, guid: 7d570a41c657da7429f4ffbaed441fb5,
        type: 3}
      propertyPath: m_LocalPosition.x
      value: 0
      objectReference: {fileID: 0}
    - target: {fileID: 3730005852023809338, guid: 7d570a41c657da7429f4ffbaed441fb5,
        type: 3}
      propertyPath: m_LocalPosition.y
      value: 0
      objectReference: {fileID: 0}
    - target: {fileID: 3730005852023809338, guid: 7d570a41c657da7429f4ffbaed441fb5,
        type: 3}
      propertyPath: m_LocalPosition.z
      value: 0
      objectReference: {fileID: 0}
    - target: {fileID: 3730005852023809338, guid: 7d570a41c657da7429f4ffbaed441fb5,
        type: 3}
      propertyPath: m_LocalRotation.w
      value: 1
      objectReference: {fileID: 0}
    - target: {fileID: 3730005852023809338, guid: 7d570a41c657da7429f4ffbaed441fb5,
        type: 3}
      propertyPath: m_LocalRotation.x
      value: -0
      objectReference: {fileID: 0}
    - target: {fileID: 3730005852023809338, guid: 7d570a41c657da7429f4ffbaed441fb5,
        type: 3}
      propertyPath: m_LocalRotation.y
      value: -0
      objectReference: {fileID: 0}
    - target: {fileID: 3730005852023809338, guid: 7d570a41c657da7429f4ffbaed441fb5,
        type: 3}
      propertyPath: m_LocalRotation.z
      value: -0
      objectReference: {fileID: 0}
    - target: {fileID: 3730005852023809338, guid: 7d570a41c657da7429f4ffbaed441fb5,
        type: 3}
      propertyPath: m_LocalEulerAnglesHint.x
      value: 0
      objectReference: {fileID: 0}
    - target: {fileID: 3730005852023809338, guid: 7d570a41c657da7429f4ffbaed441fb5,
        type: 3}
      propertyPath: m_LocalEulerAnglesHint.y
      value: 0
      objectReference: {fileID: 0}
    - target: {fileID: 3730005852023809338, guid: 7d570a41c657da7429f4ffbaed441fb5,
        type: 3}
      propertyPath: m_LocalEulerAnglesHint.z
      value: 0
      objectReference: {fileID: 0}
    - target: {fileID: 3730005852151247872, guid: 7d570a41c657da7429f4ffbaed441fb5,
        type: 3}
      propertyPath: m_IsActive
      value: 0
      objectReference: {fileID: 0}
    - target: {fileID: 3730005852438639275, guid: 7d570a41c657da7429f4ffbaed441fb5,
        type: 3}
      propertyPath: m_IsActive
      value: 0
      objectReference: {fileID: 0}
    - target: {fileID: 3730005852495748235, guid: 7d570a41c657da7429f4ffbaed441fb5,
        type: 3}
      propertyPath: m_IsActive
      value: 0
      objectReference: {fileID: 0}
    - target: {fileID: 3730005852555008472, guid: 7d570a41c657da7429f4ffbaed441fb5,
        type: 3}
      propertyPath: m_IsActive
      value: 0
      objectReference: {fileID: 0}
    - target: {fileID: 3730005852558613500, guid: 7d570a41c657da7429f4ffbaed441fb5,
        type: 3}
      propertyPath: m_IsActive
      value: 0
      objectReference: {fileID: 0}
    m_RemovedComponents: []
  m_SourcePrefab: {fileID: 100100000, guid: 7d570a41c657da7429f4ffbaed441fb5, type: 3}
--- !u!4 &8640895792656865555 stripped
Transform:
  m_CorrespondingSourceObject: {fileID: 3730005852023809338, guid: 7d570a41c657da7429f4ffbaed441fb5,
    type: 3}
  m_PrefabInstance: {fileID: 4911461809891523625}
  m_PrefabAsset: {fileID: 0}
--- !u!114 &4911461809228167715 stripped
MonoBehaviour:
  m_CorrespondingSourceObject: {fileID: 680134154, guid: 7d570a41c657da7429f4ffbaed441fb5,
    type: 3}
  m_PrefabInstance: {fileID: 4911461809891523625}
  m_PrefabAsset: {fileID: 0}
  m_GameObject: {fileID: 0}
  m_Enabled: 1
  m_EditorHideFlags: 0
  m_Script: {fileID: 11500000, guid: ad299377611c9c44385699455bb6e697, type: 3}
  m_Name: 
  m_EditorClassIdentifier: 
